@misc{lin2021nucmm,
      title={NucMM Dataset: 3D Neuronal Nuclei Instance Segmentation at Sub-Cubic Millimeter Scale}, 
      author={Zudi Lin and Donglai Wei and Mariela D. Petkova and Yuelong Wu and Zergham Ahmed and Krishna Swaroop K and Silin Zou and Nils Wendt and Jonathan Boulanger-Weill and Xueying Wang and Nagaraju Dhanyasi and Ignacio Arganda-Carreras and Florian Engert and Jeff Lichtman and Hanspeter Pfister},
      year={2021},
      eprint={2107.05840},
      archivePrefix={arXiv},
      primaryClass={cs.CV}
}
